<?xml version="1.0" encoding="UTF-8"?><collection xmlns="http://www.loc.gov/MARC21/slim"><record><leader>00396nam--2200145-i-4500</leader><controlfield tag="001">000010851</controlfield><controlfield tag="002">20161230</controlfield><controlfield tag="005">20170219233515</controlfield><controlfield tag="008">060222s1000------------r-----000-0-eng-d</controlfield><datafield ind1=" " ind2=" " tag="100"><subfield code="a">Cap, Ferdinand</subfield></datafield><datafield ind1=" " ind2=" " tag="245"><subfield code="a">17 years plasma physics in Innsbruck</subfield></datafield><datafield ind1=" " ind2=" " tag="260"><subfield code="a">Innsbruck</subfield><subfield code="b">University Of Innsbruck</subfield><subfield code="c">1973</subfield></datafield><datafield ind1=" " ind2=" " tag="300"><subfield code="a">45 p</subfield></datafield><datafield ind1=" " ind2=" " tag="852"><subfield code="a">533.9(047:016):537.84(047:016)</subfield></datafield><datafield ind1=" " ind2=" " tag="CAT"><subfield code="a">SYS</subfield><subfield code="c">20170219</subfield><subfield code="h">233515</subfield></datafield></record></collection>